<?xml version="1.0" encoding="UTF-8"?><collection xmlns="http://www.loc.gov/MARC21/slim"><record><leader>00595nam--2200181-u-4500</leader><controlfield tag="001">000054388</controlfield><controlfield tag="002">20161230</controlfield><controlfield tag="005">20161230201051</controlfield><controlfield tag="008">111206s1000------------r-----000-0-eng-d</controlfield><datafield ind1=" " ind2=" " tag="040"><subfield code="a">IFIN-HH</subfield></datafield><datafield ind1=" " ind2=" " tag="080"><subfield code="a">539.12(061.3)</subfield></datafield><datafield ind1="1" ind2=" " tag="100"><subfield code="a">Fiorentini, G</subfield></datafield><datafield ind1="1" ind2="0" tag="245"><subfield code="a">Exotic atoms</subfield><subfield code="b">Proceedings of the first course of the international school of physics of exotic atoms, erice, 24-30 april, 1977</subfield><subfield code="c">G. fiorentini, g. torelli (eds.)</subfield></datafield><datafield ind1=" " ind2=" " tag="260"><subfield code="a">Frascati</subfield><subfield code="b">Laboratori Nazionali Di Frascati</subfield><subfield code="c">1977</subfield></datafield><datafield ind1=" " ind2=" " tag="300"><subfield code="a">510P</subfield></datafield><datafield ind1=" " ind2=" " tag="700"><subfield code="a">Torelli, G</subfield><subfield code="e">Ed</subfield></datafield><datafield ind1=" " ind2=" " tag="852"><subfield code="a">46669</subfield><subfield code="c">539.12</subfield></datafield><datafield ind1=" " ind2=" " tag="CAT"><subfield code="a">Sys</subfield><subfield code="c">20111206</subfield><subfield code="h">131159</subfield></datafield></record></collection>